@book{russell2016artificial,
	title        = {Artificial Intelligence: A Modern Approach},
	author       = {Russell, Stuart J. and Norvig, Peter},
	year         = 2016,
	edition      = {3rd},
	publisher    = {Pearson},
	address      = {London},
}

@book{nilsson2010quest,
	author       = {Nilsson, Nils J.},
	title        = {The Quest for Artificial Intelligence: A History of Ideas and Achievements},
	year         = 2010,
	publisher    = {Cambridge University Press},
	address      = {Cambridge},
}

@book{crevier1993ai,
	author       = {Crevier, Daniel},
	title        = {AI: The Tumultuous History of the Search for Artificial Intelligence},
	year         = 1993,
	publisher    = {Basic Books},
	address      = {New York},
}

@book{mccorduck2004machines,
	author       = {McCorduck, Pamela},
	title        = {Machines Who Think: A Personal Inquiry into the History and Prospects of Artificial Intelligence},
	edition      = {2nd},
	year         = 2004,
	publisher    = {A. K. Peters, Ltd.},
	address      = {Natick, MA},
}

@article{mccarthy1956proposal,
	author       = {McCarthy, John and Minsky, Marvin and Rochester, Nathaniel and Shannon, Claude E.},
	title        = {A Proposal for the Dartmouth Summer Research Project on Artificial Intelligence},
	journal      = {Dartmouth College AI Archive},
	year         = 1956,
}

@inproceedings{newell1959report,
	author       = {Newell, Allen and Shaw, J. Clifford and Simon, Herbert A.},
	title        = {Report on a General Problem-Solving Program},
	booktitle    = {Proceedings of the International Conference on Information Processing},
	pages        = {256--264},
	year         = 1959,
}

@book{lighthill1973artificial,
	author       = {Lighthill, James},
	title        = {Artificial Intelligence: A General Survey},
	year         = 1973,
	publisher    = {HM Stationery Office},
	address      = {London},
	note         = {Science Research Council Report}
}

@book{feigenbaum1983handbook,
	author       = {Feigenbaum, Edward A. and McCorduck, Pamela},
	title        = {The Fifth Generation: Artificial Intelligence and Japan's Computer Challenge to the World},
	year         = 1983,
	publisher    = {Addison-Wesley},
	address      = {Reading, MA},
}

@book{bishop2006pattern,
	title        = {Pattern Recognition and Machine Learning},
	author       = {Bishop, Christopher M.},
	year         = 2006,
	publisher    = {Springer},
	address      = {New York},
}

@book{mitchell1997machine,
	title        = {Machine Learning},
	author       = {Mitchell, Tom M.},
	year         = 1997,
	publisher    = {McGraw-Hill},
	address      = {New York},
}

@book{murphy2012machine,
	title        = {Machine Learning: A Probabilistic Perspective},
	author       = {Murphy, Kevin P.},
	year         = 2012,
	publisher    = {MIT Press},
	address      = {Cambridge, MA},
}

@book{goodfellow2016deep,
	title        = {Deep Learning},
	author       = {Goodfellow, Ian and Bengio, Yoshua and Courville, Aaron},
	year         = 2016,
	publisher    = {MIT Press},
	address      = {Cambridge, MA},
}

@book{james2013introduction,
	title        = {An Introduction to Statistical Learning: with Applications in R},
	author       = {James, Gareth and Witten, Daniela and Hastie, Trevor and Tibshirani, Robert},
	year         = 2013,
	publisher    = {Springer},
	address      = {New York},
}

@book{montgomery2021introduction,
	title        = {Introduction to Linear Regression Analysis},
	author       = {Montgomery, Douglas C. and Peck, Elizabeth A. and Vining, Geoffrey G.},
	edition      = {6th},
	year         = 2021,
	publisher    = {John Wiley \& Sons},
	address      = {Hoboken, NJ},
}

@book{sutton2018reinforcement,
	title        = {Reinforcement Learning: An Introduction},
	author       = {Sutton, Richard S. and Barto, Andrew G.},
	edition      = {2nd},
	year         = 2018,
	publisher    = {MIT Press},
	address      = {Cambridge, MA},
}

@article{cover1967nearest,
	title   = {Nearest neighbor pattern classification},
	author  = {Cover, Thomas M. and Hart, Peter E.},
	journal = {IEEE Transactions on Information Theory},
	volume  = {13},
	number  = {1},
	pages   = {21--27},
	year    = {1967},
}

@book{duda1973pattern,
	title     = {Pattern Classification and Scene Analysis},
	author    = {Duda, Richard O. and Hart, Peter E.},
	publisher = {John Wiley \& Sons},
	address   = {New York},
	year      = {1973},
}

@book{mitchell1997machine,
	title     = {Machine Learning},
	author    = {Mitchell, Tom M.},
	year      = {1997},
	publisher = {McGraw-Hill},
	address   = {New York},
}

@book{james2013introduction,
	title        = {An Introduction to Statistical Learning: with Applications in R},
	author       = {James, Gareth and Witten, Daniela and Hastie, Trevor and Tibshirani, Robert},
	year         = 2013,
	publisher    = {Springer},
	address      = {New York},
}

@book{murphy2012machine,
	title        = {Machine Learning: A Probabilistic Perspective},
	author       = {Murphy, Kevin P.},
	year         = 2012,
	publisher    = {MIT Press},
	address      = {Cambridge, MA},
}

@article{cortes1995support,
	title     = {Support-Vector Networks},
	author    = {Cortes, Corinna and Vapnik, Vladimir},
	journal   = {Machine Learning},
	volume    = {20},
	number    = {3},
	pages     = {273--297},
	year      = {1995},
	publisher = {Springer}
}

@book{vapnik1998statistical,
	title        = {Statistical Learning Theory},
	author       = {Vapnik, Vladimir},
	year         = {1998},
	publisher    = {Wiley},
	address      = {New York},
}

@book{murphy2012machine,
	title        = {Machine Learning: A Probabilistic Perspective},
	author       = {Murphy, Kevin P.},
	year         = 2012,
	publisher    = {MIT Press},
	address      = {Cambridge, MA},
}

@book{bishop2006pattern,
	title        = {Pattern Recognition and Machine Learning},
	author       = {Bishop, Christopher M.},
	year         = 2006,
	publisher    = {Springer},
	address      = {New York},
}

Ø¸@article{domingos1997optimal,
	title     = {On the Optimality of the Simple Bayesian Classifier under Zero-One Loss},
	author    = {Domingos, Pedro and Pazzani, Michael},
	journal   = {Machine Learning},
	volume    = {29},
	number    = {2--3},
	pages     = {103--130},
	year      = {1997},
	publisher = {Springer}
}

@book{mitchell1997machine,
	title     = {Machine Learning},
	author    = {Mitchell, Tom M.},
	year      = {1997},
	publisher = {McGraw-Hill},
	address   = {New York},
}

@inproceedings{mccallum1998comparison,
	author    = {McCallum, Andrew and Nigam, Kamal},
	title     = {A Comparison of Event Models for Naive Bayes Text Classification},
	booktitle = {AAAI-98 Workshop on Learning for Text Categorization},
	pages     = {41--48},
	year      = {1998},
	address   = {Madison, WI},
}

@book{bishop2006pattern,
	title        = {Pattern Recognition and Machine Learning},
	author       = {Bishop, Christopher M.},
	year         = 2006,
	publisher    = {Springer},
	address      = {New York},
}

@book{murphy2012machine,
	title        = {Machine Learning: A Probabilistic Perspective},
	author       = {Murphy, Kevin P.},
	year         = 2012,
	publisher    = {MIT Press},
	address      = {Cambridge, MA},
}

@article{rumelhart1986learning,
	author  = {Rumelhart, David E. and Hinton, Geoffrey E. and Williams, Ronald J.},
	title   = {Learning representations by back-propagating errors},
	journal = {Nature},
	volume  = {323},
	number  = {6088},
	pages   = {533--536},
	year    = {1986},
}

@article{elman1990finding,
	author  = {Elman, Jeffrey L.},
	title   = {Finding structure in time},
	journal = {Cognitive Science},
	volume  = {14},
	number  = {2},
	pages   = {179--211},
	year    = {1990},
}

@inproceedings{gers1999learning,
	author    = {Gers, Felix A. and Schmidhuber, J{\"u}rgen and Cummins, Fred},
	title     = {Learning to forget: Continual prediction with LSTM},
	booktitle = {Proceedings of the Ninth International Conference on Artificial Neural Networks (ICANN-99)},
	pages     = {850--855},
	year      = {1999},
	address   = {Edinburgh, UK},
}

@article{hochreiter1997long,
	author  = {Hochreiter, Sepp and Schmidhuber, J{\"u}rgen},
	title   = {Long Short-Term Memory},
	journal = {Neural Computation},
	volume  = {9},
	number  = {8},
	pages   = {1735--1780},
	year    = {1997},
}

@article{hochreiter1998vanishing,
	author  = {Hochreiter, Sepp},
	title   = {The vanishing gradient problem during learning recurrent neural nets and problem solutions},
	journal = {International Journal of Uncertainty, Fuzziness and Knowledge-Based Systems},
	volume  = {6},
	number  = {2},
	pages   = {107--116},
	year    = {1998},
}

@book{bishop2006pattern,
	title        = {Pattern Recognition and Machine Learning},
	author       = {Bishop, Christopher M.},
	year         = 2006,
	publisher    = {Springer},
	address      = {New York},
}

@book{goodfellow2016deep,
	title        = {Deep Learning},
	author       = {Goodfellow, Ian and Bengio, Yoshua and Courville, Aaron},
	year         = 2016,
	publisher    = {MIT Press},
	address      = {Cambridge, MA},
}
@article{rumelhart1986learning,
	author  = {Rumelhart, David E. and Hinton, Geoffrey E. and Williams, Ronald J.},
	title   = {Learning representations by back-propagating errors},
	journal = {Nature},
	volume  = {323},
	number  = {6088},
	pages   = {533--536},
	year    = {1986},
}

@article{hochreiter1997long,
	author  = {Hochreiter, Sepp and Schmidhuber, J{\"u}rgen},
	title   = {Long Short-Term Memory},
	journal = {Neural Computation},
	volume  = {9},
	number  = {8},
	pages   = {1735--1780},
	year    = {1997},
}

@article{hochreiter1998vanishing,
	author  = {Hochreiter, Sepp},
	title   = {The vanishing gradient problem during learning recurrent neural nets and problem solutions},
	journal = {International Journal of Uncertainty, Fuzziness and Knowledge-Based Systems},
	volume  = {6},
	number  = {2},
	pages   = {107--116},
	year    = {1998},
}

@inproceedings{gers1999learning,
	author    = {Gers, Felix A. and Schmidhuber, J{\"u}rgen and Cummins, Fred},
	title     = {Learning to forget: Continual prediction with LSTM},
	booktitle = {ICANN 1999},
	pages     = {850--855},
	year      = {1999},
	address   = {Edinburgh, UK},
}

@book{goodfellow2016deep,
	title        = {Deep Learning},
	author       = {Goodfellow, Ian and Bengio, Yoshua and Courville, Aaron},
	year         = 2016,
	publisher    = {MIT Press},
	address      = {Cambridge, MA},
}

@article{rumelhart1986learning,
	author  = {Rumelhart, David E. and Hinton, Geoffrey E. and Williams, Ronald J.},
	title   = {Learning representations by back-propagating errors},
	journal = {Nature},
	volume  = {323},
	number  = {6088},
	pages   = {533--536},
	year    = {1986},
}

@article{hochreiter1997long,
	author  = {Hochreiter, Sepp and Schmidhuber, J{\"u}rgen},
	title   = {Long Short-Term Memory},
	journal = {Neural Computation},
	volume  = {9},
	number  = {8},
	pages   = {1735--1780},
	year    = {1997},
}

@article{hochreiter1998vanishing,
	author  = {Hochreiter, Sepp},
	title   = {The vanishing gradient problem during learning recurrent neural nets and problem solutions},
	journal = {International Journal of Uncertainty, Fuzziness and Knowledge-Based Systems},
	volume  = {6},
	number  = {2},
	pages   = {107--116},
	year    = {1998},
}

@book{goodfellow2016deep,
	title        = {Deep Learning},
	author       = {Goodfellow, Ian and Bengio, Yoshua and Courville, Aaron},
	year         = 2016,
	publisher    = {MIT Press},
	address      = {Cambridge, MA},
}

@inproceedings{bahdanau2014neural,
	title     = {Neural Machine Translation by Jointly Learning to Align and Translate},
	author    = {Bahdanau, Dzmitry and Cho, Kyunghyun and Bengio, Yoshua},
	booktitle = {Proceedings of the 2015 International Conference on Learning Representations (ICLR)},
	year      = {2015},
	address   = {San Diego, CA},
}

@inproceedings{vaswani2017attention,
	title     = {Attention Is All You Need},
	author    = {Vaswani, Ashish and Shazeer, Noam and Parmar, Niki and Uszkoreit, Jakob and Jones, Llion and Gomez, Aidan N. and Kaiser, {\L}ukasz and Polosukhin, Illia},
	booktitle = {Advances in Neural Information Processing Systems},
	pages     = {5998--6008},
	year      = {2017},
}


@article{vaswani2017attention,
	title={Attention is all you need},
	author={Vaswani, Ashish and Shazeer, Noam and Parmar, Niki and Uszkoreit, Jakob and Jones, Llion and Gomez, Aidan N and Kaiser, Lukasz and Polosukhin, Illia},
	journal={Advances in neural information processing systems},
	volume={30},
	year={2017}
}

@inproceedings{bahdanau2014neural,
	title={Neural machine translation by jointly learning to align and translate},
	author={Bahdanau, Dzmitry and Cho, Kyunghyun and Bengio, Yoshua},
	booktitle={Proc. of ICLR},
	year={2015},
	organization={Citeseer}
}

@article{devlin2018bert,
	title={BERT: Pre-training of Deep Bidirectional Transformers for Language Understanding},
	author={Devlin, Jacob and Chang, Ming-Wei and Lee, Kenton and Toutanova, Kristina},
	journal={arXiv preprint arXiv:1810.04805},
	year={2018}
}

@misc{radford2018improving,
	title={Improving language understanding by generative pre-training},
	author={Radford, Alec and Narasimhan, Karthik and Salimans, Tim and Sutskever, Ilya},
	year={2018},
	howpublished={OpenAI report},
	url={https://cdn.openai.com/research-covers/language-unsupervised/language_understanding_paper.pdf}
}

@inproceedings{luong2015effective,
	title={Effective Approaches to Attention-based Neural Machine Translation},
	author={Luong, Minh-Thang and Pham, Hieu and Manning, Christopher D},
	booktitle={Proc. of EMNLP},
	pages={1412--1421},
	year={2015}
}

@article{elman1990finding,
	title={Finding structure in time},
	author={Elman, Jeffrey L},
	journal={Cognitive science},
	volume={14},
	number={2},
	pages={179--211},
	year={1990},
	publisher={Wiley Online Library}
}

@inproceedings{sutskever2014sequence,
	title={Sequence to sequence learning with neural networks},
	author={Sutskever, Ilya and Vinyals, Oriol and Le, Quoc V},
	booktitle={Advances in neural information processing systems},
	pages={3104--3112},
	year={2014}
}

@inproceedings{nagao1984framework,
	title={A framework of a mechanical translation between Japanese and English by analogy principle},
	author={Nagao, Makoto},
	booktitle={Proc. of the international NATO symposium on artificial and human intelligence},
	pages={173--180},
	year={1984}
}

@book{hutchins1986machine,
	title={Machine translation: past, present, future},
	author={Hutchins, John},
	year={1986},
	publisher={Ellis Horwood Chichester}
}

@article{brown1993mathematics,
	title={The mathematics of statistical machine translation: Parameter estimation},
	author={Brown, Peter F and Pietra, Vincent J. Della and Pietra, Stephen A. Della and Mercer, Robert L},
	journal={Computational linguistics},
	volume={19},
	number={2},
	pages={263--311},
	year={1993},
	publisher={MIT Press}
}

@book{koehn2010statistical,
	title={Statistical Machine Translation},
	author={Koehn, Philipp},
	year={2010},
	publisher={Cambridge University Press}
}

@inproceedings{koehn2003statistical,
	title={Statistical phrase-based translation},
	author={Koehn, Philipp and Och, Franz Josef and Marcu, Daniel},
	booktitle={Proc. of NAACL/HLT},
	pages={48--54},
	year={2003}
}

@inproceedings{mikolov2013distributed,
	title={Distributed representations of words and phrases and their compositionality},
	author={Mikolov, Tomas and Sutskever, Ilya and Chen, Kai and Corrado, Greg S and Dean, Jeffrey},
	booktitle={Advances in neural information processing systems},
	pages={3111--3119},
	year={2013}
}

@inproceedings{pennington2014glove,
	title={Glove: Global vectors for word representation},
	author={Pennington, Jeffrey and Socher, Richard and Manning, Christopher D},
	booktitle={Proc. of EMNLP},
	pages={1532--1543},
	year={2014}
}

@article{hochreiter1997long,
	title={Long short-term memory},
	author={Hochreiter, Sepp and Schmidhuber, J{\"u}rgen},
	journal={Neural Computation},
	volume={9},
	number={8},
	pages={1735--1780},
	year={1997},
	publisher={MIT Press}
}

@book{bengio1994learning,
	title={Learning long-term dependencies with gradient descent is difficult},
	author={Bengio, Yoshua and others},
	year={1994},
	publisher={IEEE Transactions on Neural Networks}
}

@inproceedings{he2016deep,
	title={Deep Residual Learning for Image Recognition},
	author={He, Kaiming and Zhang, Xiangyu and Ren, Shaoqing and Sun, Jian},
	booktitle={Proceedings of the IEEE Conference on Computer Vision and Pattern Recognition},
	pages={770--778},
	year={2016}
}

@inproceedings{vaswani2017attention,
	title={Attention is all you need},
	author={Vaswani, Ashish and Shazeer, Noam and Parmar, Niki and others},
	booktitle={Advances in neural information processing systems},
	pages={5998--6008},
	year={2017}
}


@inproceedings{ioffe2015batch,
	title={Batch normalization: Accelerating deep network training by reducing internal covariate shift},
	author={Ioffe, Sergey and Szegedy, Christian},
	booktitle={International conference on machine learning},
	pages={448--456},
	year={2015}
}

@article{ba2016layer,
	title={Layer normalization},
	author={Ba, Jimmy Lei and Kiros, Jamie Ryan and Hinton, Geoffrey E},
	journal={arXiv preprint arXiv:1607.06450},
	year={2016}
}

@inproceedings{vaswani2017attention,
	title={Attention is all you need},
	author={Vaswani, Ashish and Shazeer, Noam and Parmar, Niki and Uszkoreit, Jakob and Jones, Llion and Gomez, Aidan N and Kaiser, \L ukasz and Polosukhin, Illia},
	booktitle={Advances in neural information processing systems},
	pages={5998--6008},
	year={2017}
}

@misc{dosovitskiy2020image,
	title={An Image is Worth 16x16 Words: Transformers for Image Recognition at Scale},
	author={Dosovitskiy, Alexey and Beyer, Lucas and Kolesnikov, Alexander and Weissenborn, Dirk and others},
	year={2020},
	eprint={2010.11929},
	archivePrefix={arXiv},
	primaryClass={cs.CV}
}

@misc{dosovitskiy2020image,
	title={An Image is Worth 16x16 Words: Transformers for Image Recognition at Scale},
	author={Dosovitskiy, Alexey and Beyer, Lucas and Kolesnikov, Alexander and Weissenborn, Dirk and others},
	year={2020},
	eprint={2010.11929},
	archivePrefix={arXiv},
	primaryClass={cs.CV}
}

@article{lecun1998gradient,
	title={Gradient-based learning applied to document recognition},
	author={LeCun, Yann and Bottou, L{\'e}on and Bengio, Yoshua and Haffner, Patrick},
	journal={Proceedings of the IEEE},
	volume={86},
	number={11},
	pages={2278--2324},
	year={1998},
	publisher={IEEE}
}

@inproceedings{krizhevsky2012imagenet,
	title={ImageNet classification with deep convolutional neural networks},
	author={Krizhevsky, Alex and Sutskever, Ilya and Hinton, Geoffrey E},
	booktitle={Advances in neural information processing systems},
	pages={1097--1105},
	year={2012}
}

@inproceedings{he2016deep,
	title={Deep residual learning for image recognition},
	author={He, Kaiming and Zhang, Xiangyu and Ren, Shaoqing and Sun, Jian},
	booktitle={Proceedings of the IEEE conference on computer vision and pattern recognition},
	pages={770--778},
	year={2016}
}

@inproceedings{vaswani2017attention,
	title={Attention is all you need},
	author={Vaswani, Ashish and Shazeer, Noam and Parmar, Niki and others},
	booktitle={Advances in neural information processing systems},
	pages={5998--6008},
	year={2017}
}

@inproceedings{vaswani2017attention,
	title={Attention is all you need},
	author={Vaswani, Ashish and Shazeer, Noam and Parmar, Niki and others},
	booktitle={Advances in neural information processing systems},
	pages={5998--6008},
	year={2017}
}

@misc{dosovitskiy2020image,
	title={An Image is Worth 16x16 Words: Transformers for Image Recognition at Scale},
	author={Dosovitskiy, Alexey and Beyer, Lucas and Kolesnikov, Alexander and Weissenborn, Dirk and etc.},
	year={2020},
	eprint={2010.11929},
	archivePrefix={arXiv},
	primaryClass={cs.CV}
}

@article{devlin2018bert,
	title={Bert: Pre-training of deep bidirectional transformers for language understanding},
	author={Devlin, Jacob and Chang, Ming-Wei and Lee, Kenton and Toutanova, Kristina},
	journal={arXiv preprint arXiv:1810.04805},
	year={2018}
}

@inproceedings{vaswani2017attention,
	title={Attention Is All You Need},
	author={Vaswani, Ashish and Shazeer, Noam and Parmar, Niki and Uszkoreit, Jakob and others},
	booktitle={Advances in Neural Information Processing Systems},
	pages={5998--6008},
	year={2017}
}

@misc{dosovitskiy2020image,
	title={An Image is Worth 16x16 Words: Transformers for Image Recognition at Scale},
	author={Dosovitskiy, Alexey and Beyer, Lucas and Kolesnikov, Alexander and Weissenborn, Dirk and etc.},
	year={2020},
	eprint={2010.11929},
	archivePrefix={arXiv},
	primaryClass={cs.CV}
}

@inproceedings{he2016deep,
	title={Deep Residual Learning for Image Recognition},
	author={He, Kaiming and Zhang, Xiangyu and Ren, Shaoqing and Sun, Jian},
	booktitle={Proc. of the IEEE Conf. on Computer Vision and Pattern Recognition (CVPR)},
	pages={770--778},
	year={2016}
}

@inproceedings{liu2021swintransformer,
	title={Swin transformer: Hierarchical vision transformer using shifted windows},
	author={Liu, Ze and Lin, Yutong and Cao, Yue and Hu, Han and Wei, Yixuan and Zhang, Zheng and Lin, Stephen and Guo, Baining},
	booktitle={Proc. of the IEEE/CVF International Conference on Computer Vision (ICCV)},
	pages={10012--10022},
	year={2021}
}

@inproceedings{liu2021swintransformer,
	title={Swin Transformer: Hierarchical Vision Transformer using Shifted Windows},
	author={Liu, Ze and Lin, Yutong and Cao, Yue and Hu, Han and Wei, Yixuan and Zhang, Zheng and Lin, Stephen and Guo, Baining},
	booktitle={Proc. of the IEEE/CVF International Conference on Computer Vision (ICCV)},
	pages={10012--10022},
	year={2021}
}

@misc{dosovitskiy2020image,
	title={An Image is Worth 16x16 Words: Transformers for Image Recognition at Scale},
	author={Dosovitskiy, Alexey and Beyer, Lucas and Kolesnikov, Alexander and Weissenborn, Dirk and etc.},
	year={2020},
	eprint={2010.11929},
	archivePrefix={arXiv},
	primaryClass={cs.CV}
}

@inproceedings{he2016deep,
	title={Deep residual learning for image recognition},
	author={He, Kaiming and Zhang, Xiangyu and Ren, Shaoqing and Sun, Jian},
	booktitle={Proceedings of the IEEE conference on computer vision and pattern recognition},
	pages={770--778},
	year={2016}
}

@article{hendrycks2016gelu,
	title={Gaussian error linear units (gelus)},
	author={Hendrycks, Dan and Gimpel, Kevin},
	journal={arXiv preprint arXiv:1606.08415},
	year={2016}
}




